@article{heim1992presupposition,
  title={Presupposition projection and the semantics of attitude verbs},
  author={Heim, Irene},
  journal={Journal of semantics},
  volume={9},
  number={3},
  pages={183--221},
  year={1992},
  publisher={Oxford University Press}
}

@article{theiler2019picky,
  title={Picky predicates: Why believe doesnâ€™t like interrogative complements, and other puzzles},
  author={Theiler, Nadine and Roelofsen, Floris and Aloni, Maria},
  journal={Natural Language Semantics},
  volume={27},
  number={2},
  pages={95--134},
  year={2019},
  publisher={Springer}
}

@article{mayr2019triviality,
  title={Triviality and interrogative embedding: context sensitivity, factivity, and neg-raising},
  author={Mayr, Clemens},
  journal={Natural Language Semantics},
  volume={27},
  number={3},
  pages={227--278},
  year={2019},
  publisher={Springer}
}